<record><leader>00000cas a22000007a 4500</leader><controlfield tag="001">16826956</controlfield><controlfield tag="008">871008d18781880inudr ne      0    0eng d</controlfield><datafield ind1=" " ind2=" " tag="010"><subfield code="a">sn 87056669 </subfield></datafield><datafield ind1=" " ind2=" " tag="040"><subfield code="a">NPI</subfield><subfield code="b">eng</subfield><subfield code="c">NPI</subfield><subfield code="d">OCLCQ</subfield></datafield><datafield ind1=" " ind2=" " tag="042"><subfield code="a">msc</subfield></datafield><datafield ind1="0" ind2=" " tag="130"><subfield code="a">Evening register (South Bend, Ind.)</subfield></datafield><datafield ind1="1" ind2="4" tag="245"><subfield code="a">The evening register.</subfield></datafield><datafield ind1="3" ind2="0" tag="246"><subfield code="a">Sunday register</subfield></datafield><datafield ind1=" " ind2=" " tag="260"><subfield code="a">South Bend, Ind. :</subfield><subfield code="b">Register Print Co.,</subfield><subfield code="c">1878-1880.</subfield></datafield><datafield ind1=" " ind2=" " tag="310"><subfield code="a">Daily,</subfield><subfield code="b">Nov. 16, 1879-1880</subfield></datafield><datafield ind1=" " ind2=" " tag="321"><subfield code="a">Daily (except Sun.),</subfield><subfield code="b">1878-1879</subfield></datafield><datafield ind1="0" ind2=" " tag="362"><subfield code="a">Vol. 4, no. 980 (Oct. 22, 1878)-6th year, no. 1638 (Nov. 29, 1880).</subfield></datafield><datafield ind1=" " ind2=" " tag="500"><subfield code="a">On Sunday published as: The Sunday register, Nov. 16, 1879-1880.</subfield></datafield><datafield ind1=" " ind2=" " tag="580"><subfield code="a">Also published in a weekly ed. called: St. Joseph Valley register.</subfield></datafield><datafield ind1=" " ind2=" " tag="752"><subfield code="a">United States</subfield><subfield code="b">Indiana</subfield><subfield code="c">Saint Joseph</subfield><subfield code="d">South Bend.</subfield></datafield><datafield ind1="1" ind2=" " tag="775"><subfield code="t">St. Joseph Valley register</subfield><subfield code="w">(DLC)sn 82014547</subfield></datafield><datafield ind1="0" ind2="0" tag="780"><subfield code="t">South-Bend daily register</subfield><subfield code="w">(DLC)sn 87056666</subfield></datafield><datafield ind1="0" ind2="0" tag="785"><subfield code="t">South Bend evening register</subfield><subfield code="w">(DLC)sn 87056670</subfield></datafield></record>